<?xml version="1.0" encoding="UTF-8"?><record xmlns="http://www.loc.gov/MARC21/slim" xmlns:cinclude="http://apache.org/cocoon/include/1.0" xmlns:zs="http://www.loc.gov/zing/srw/">
  <leader>00418cz  a2200133n  4500</leader>
  <controlfield tag="001">no 97052041 </controlfield>
  <controlfield tag="003">DLC</controlfield>
  <controlfield tag="005">20040412160416.0</controlfield>
  <controlfield tag="008">970905n| acannaab           |n aaa     c</controlfield>
  <datafield tag="010" ind1=" " ind2=" ">
    <subfield code="a">no 97052041 </subfield>
  </datafield>
  <datafield tag="035" ind1=" " ind2=" ">
    <subfield code="a">(OCoLC)oca04422793</subfield>
  </datafield>
  <datafield tag="040" ind1=" " ind2=" ">
    <subfield code="a">WaBeW</subfield>
    <subfield code="c">WaBeW</subfield>
    <subfield code="d">DLC</subfield>
  </datafield>
  <datafield tag="100" ind1="1" ind2=" ">
    <subfield code="a">James, Rose Ann</subfield>
  </datafield>
  <datafield tag="670" ind1=" " ind2=" ">
    <subfield code="a">[Beta]-glucanase activities in the pulmonate gastropods Arion ater and Ariolimax columbianus, 1996:</subfield>
    <subfield code="b">t.p. (Rose Ann James)</subfield>
  </datafield>
</record>